@Book{software-design,
  author =   {Kevin Lano and Jose Luiz Fiadeiro and Luis Andrade},
  title =    {Software Design using Java 2},
  publisher =    {Palgrave Macmillan},
  year =     2002
}

@Book{latex,
  author = {Lamport, Leslie},
  title = {\LaTeX: A Document Preparation System: User's Guide and Reference Manual},
  year = {1994},
  publisher = {Addison-Wesley}
}

@misc{SoCS:plagiarism,
  author = {{School of Computer Science, University of Birmingham}},
  title = {Guidance Notes on Plagiarism},
  note = {\url{http://www.cs.bham.ac.uk/internal/students/plagiarism.htm}},
}
